@article{rumelhart1986backprop,
  title     = {Learning representations by back-propagating errors},
  author    = {Rumelhart, David E. and Hinton, Geoffrey E. and Williams, Ronald J.},
  journal   = {Nature},
  volume    = {323},
  pages     = {533--536},
  year      = {1986},
  publisher = {Nature Publishing Group}
}

@techreport{jordan1986serial,
  title       = {Serial order: A parallel distributed processing approach},
  author      = {Jordan, Michael I.},
  institution = {University of California, San Diego},
  year        = {1986},
  number      = {ICS Report 8604}
}

@article{elman1990finding,
  title     = {Finding structure in time},
  author    = {Elman, Jeffrey L.},
  journal   = {Cognitive Science},
  volume    = {14},
  number    = {2},
  pages     = {179--211},
  year      = {1990},
  publisher = {Wiley}
}

@article{hochreiter1997lstm,
  title     = {Long short-term memory},
  author    = {Hochreiter, Sepp and Schmidhuber, J{\"u}rgen},
  journal   = {Neural Computation},
  volume    = {9},
  number    = {8},
  pages     = {1735--1780},
  year      = {1997},
  publisher = {MIT Press}
}

@inproceedings{pascanu2013difficulty,
  title     = {On the difficulty of training recurrent neural networks},
  author    = {Pascanu, Razvan and Mikolov, Tomas and Bengio, Yoshua},
  booktitle = {International Conference on Machine Learning (ICML)},
  pages     = {1310--1318},
  year      = {2013}
}

@inproceedings{vaswani2017attention,
  title     = {Attention is all you need},
  author    = {Vaswani, Ashish and Shazeer, Noam and Parmar, Niki and Uszkoreit, Jakob and Jones, Llion and Gomez, Aidan N. and Kaiser, {\L}ukasz and Polosukhin, Illia},
  booktitle = {Advances in Neural Information Processing Systems (NeurIPS)},
  pages     = {5998--6008},
  year      = {2017}
}

@book{goodfellow2016deep,
  title     = {Deep Learning},
  author    = {Goodfellow, Ian and Bengio, Yoshua and Courville, Aaron},
  year      = {2016},
  publisher = {MIT Press}
}

@book{bishop2006pattern,
  title     = {Pattern Recognition and Machine Learning},
  author    = {Bishop, Christopher M.},
  year      = {2006},
  publisher = {Springer}
}
@article{huber1964robust,
  title     = {Robust Estimation of a Location Parameter},
  author    = {Huber, Peter J.},
  journal   = {The Annals of Mathematical Statistics},
  volume    = {35},
  number    = {1},
  pages     = {73--101},
  year      = {1964},
  publisher = {Institute of Mathematical Statistics},
  doi       = {10.1214/aoms/1177703732}
}

